

@misc{Efergy,
	author = "{Efergy}",
	title = {{Efergy: Engage medidor de consumo eléctrico online}},
	howpublished = {\url{http://efergy.com/es/engagekit-hub}},
	note = {Online; accessed 25 mayo 2017} ,
}
 
@misc{Neur, 
	author = "{Neur}",
	title = {{Neur solutions}},
	howpublished = {\url{https://www.neur.io/}},
	note = {Online; accessed 25 mayo 2017} ,
	
}

@misc{Efergyclassic,
	author = "{Efergy}",
	title = {{Efergy: Elite Classic}},
	howpublished = {\url{http://efergy.com/es/medidores/medidoresoffline/medidores/elitev1-monitor}},
	note = {Online; accessed 25 mayo 2017} ,
}

@misc{Floureon,
	author = "{Floureon}",
	title = {{Floureon Power Meter Energy Monitor}},
	howpublished = {\url{http://www.floureon.com/product-g_142.html}},
	note = {Online; accessed 25 mayo 2017} ,
}

@misc{Belkin,
	author = "{Belkin}",
	title = {{Belkin Conserve Insight}},
	howpublished = {\url{http://www.belkin.com/us/p/P-F7C005/}},
	note = {Online; accessed 25 mayo 2017} ,
}

@misc{nodemcuwikipedia,
	author = "{Wikipedia}",
	title = {{NodeMCU Wikipedia}},
	howpublished = {\url{https://en.wikipedia.org/wiki/NodeMCU}},
	note = {Online; accessed 30 mayo 2017} ,
}

@misc{nodemcuversiones,
	author = "{Marcel Stör}",
	title = {{NodeMCU versiones}},
	howpublished = {\url{https://frightanic.com/iot/comparison-of-esp8266-nodemcu-development-boards/}},
	note = {Online; accessed 30 mayo 2017} ,
}

@misc{raspbianoficial,
	author = "{Raspberry}",
	title = {{Web oficial Raspberry}},
	howpublished = {\url{https://www.raspberrypi.org/downloads/raspbian/}},
	note = {Online; accessed 30 mayo 2017} ,
}

@misc{raspberrywikipedia,
	author = "{Wikipedia}",
	title = {{Raspberry Wikipedia}},
	howpublished = {\url{https://es.wikipedia.org/wiki/Raspberry_Pi}},
	note = {Online; accessed 30 mayo 2017} ,
}

@misc{imagenraspberry,
	author = "{Raspberry}",
	title = {{Raspberry official}},
	howpublished = {\url{https://www.raspberrypi.org/blog/raspberry-pi-2-on-sale/}},
	note = {Online; accessed 30 mayo 2017} ,
}

@misc{emonTx,
	author = "{EmonTx}",
	title = {EmonTx OpenEnergyMonitor}},
	howpublished = {\url{https://shop.openenergymonitor.com/emontx-v3-electricity-monitoring-transmitter/}},
	note = {Online; accessed 2 junio 2017} ,
}

@misc{Senseimagen,
	author = "{Sense}",
	title = {{Sense app}},
	howpublished = {\url{https://www.bakerelectricsolar.com/blog/2016-11-08/products-we-think-are-cool-%E2%80%93-sense-home-energy-monitor}},
	note = {Online; accessed 2 junio 2017} ,
}

@misc{Senseoficial,
	author = "{Sense}",
	title = {{Sense official web}},
	howpublished = {\url{https://sense.com/product.html}},
	note = {Online; accessed 2 junio 2017} ,
}

@misc{BritishGas,
	author = "{British Gas}",
	title = {{British Gas}},
	howpublished = {\url{https://www.britishgas.co.uk/smart-home/smart-meters.html}},
	note = {Online; accessed 2 junio 2017} ,
}

@misc{Django,
	author = "{Django Girls}",
	title = {{Django Girls}},
	howpublished = {\url{https://tutorial.djangogirls.org/es/django/}},
	note = {Online; accessed 4 junio 2017} ,
}

@misc{Flask,
	author = "{Flask}",
	title = {{Flask}},
	howpublished = {\url{http://flask.pocoo.org/}},
	note = {Online; accessed 4 junio 2017} ,
}

@misc{Bootstrap,
	author = "{Bootstrap}",
	title = {{Bootstrap}},
	howpublished = {\url{https://es.wikipedia.org/wiki/Bootstrap_(framework)}},
	note = {Online; accessed 4 junio 2017} ,
}

@misc{MongoDB,
	author = "{Rubenfa}",
	title = {{MongoDB: qué es, cómo funciona y cuándo podemos usarlo (o no)}},
	howpublished = {\url{https://www.genbetadev.com/bases-de-datos/mongodb-que-es-como-funciona-y-cuando-podemos-usarlo-o-no}},
	note = {Online; accessed 5 junio 2017} ,
}

@misc{Win32,
	author = "{Gruemaster, tuxinator2009}",
	title = {{Win32 disk imager}},
	howpublished = {\url{https://sourceforge.net/projects/win32diskimager/}},
	note = {Online; accessed 5 junio 2017} ,
}

@misc{repoESP,
	author = "{Miguel Moral}",
	title = {{GitHub ESP8266-energy-monitor}},
	howpublished = {\url{https://github.com/Miguelmoral/ESP8266-energy-monitor}},
	note = {Online; accessed 5 junio 2017} ,
}

@misc{rc.local,
	author = "{dexterindustrie}",
	title = {{Five Ways To Run a Program On Your Raspberry Pi At Startup}},
	howpublished = {\url{https://www.dexterindustries.com/howto/run-a-program-on-your-raspberry-pi-at-startup/}},
	note = {Online; accessed 5 junio 2017} ,
}

@misc{staticip,
	author = "{ThePiHut}",
	title = {{How to setup a static IP address on your Raspberry Pi}},
	howpublished = {\url{https://thepihut.com/blogs/raspberry-pi-tutorials/16683276-how-to-setup-a-static-ip-address-on-your-raspberry-pi}},
	note = {Online; accessed 5 junio 2017} ,
}

@misc{protoboard,
	author = "{Protoboard}",
	title = {{Protoboard}},
	howpublished = {\url{https://es.wikipedia.org/wiki/Placa_de_pruebas}},
	note = {Online; accessed 20 agosto 2017} ,
}

@misc{arduino,
	author = "{arduino}",
	title = {{arduino}},
	howpublished = {\url{https://es.wikipedia.org/wiki/Arduino}},
	note = {Online; accessed 20 agosto 2017} ,
}

@misc{sparkfun,
	author = "{SparkFun}",
	title = {{SparkFun Datasheet}},
	howpublished = {\url{https://cdn.sparkfun.com/datasheets/Sensors/Current/ECS1030-L72-SPEC.pdf}},
	note = {Online; accessed 20 agosto 2017} ,
}

@misc{sensorcorriente,
	author = "{yhdc}",
	title = {{yhdc current sensor}},
	howpublished = {\url{http://www.yhdc.us/ES/index.asp}},
	note = {Online; accessed 20 agosto 2017} ,
}

@misc{adafruitbib,
	author = "{adafruit}",
	title = {{Biblioteca Adafruit}},
	howpublished = {\url{https://github.com/adafruit/Adafruit_ADS1X15}},
	note = {Online; accessed 20 agosto 2017} ,
}

@misc{adsfoto,
	author = "{Henry}",
	title = {{Arduino ADS1115 Module Getting Started Tutorial}},
	howpublished = {\url{http://henrysbench.capnfatz.com/henrys-bench/arduino-voltage-measurements/arduino-ads1115-module-getting-started-tutorial/}},
	note = {Online; accessed 20 agosto 2017} ,
}

@misc{lm358,
	author = "{Texas instruments}",
	title = {{LM358 DataSheet}},
	howpublished = {\url{http://www.ti.com/lit/ds/symlink/lm158-n.pdf}},
	note = {Online; accessed 20 agosto 2017} ,
}

@misc{atom,
	author = "{Atom}",
	title = {{Atom}},
	howpublished = {\url{https://atom.io/}},
	note = {Online; accessed 23 agosto 2017} ,
}

@misc{arduinoide,
	author = "{Arduino}",
	title = {{Arduino ide}},
	howpublished = {\url{https://www.arduino.cc/en/main/software}},
	note = {Online; accessed 23 agosto 2017} ,
}

@misc{luawikipedia,
	author = "{LUA}",
	title = {{Lua wikipedia}},
	howpublished = {\url{https://es.wikipedia.org/wiki/Lua}},
	note = {Online; accessed 23 agosto 2017} ,
}

@misc{micropython,
	author = "{George Robotics Limited}",
	title = {{Micropython}},
	howpublished = {\url{https://micropython.org/}},
	note = {Online; accessed 25 agosto 2017} ,
}

@misc{valoreficaz,
	author = "{Wikipedia}",
	title = {{Valor eficaz}},
	howpublished = {\url{https://es.wikipedia.org/wiki/Valor_eficaz}},
	note = {Online; accessed 26 agosto 2017} ,
}

@misc{mediacuadraticawiki,
	author = "{Wikipedia}",
	title = {{Media cuadrática}},
	howpublished = {\url{https://es.wikipedia.org/wiki/Media_cuadr%C3%A1tica#Valor_eficaz_de_una_corriente_alterna}},
	note = {Online; accessed 26 agosto 2017} ,
}

@misc{pasobajowikipedia,
	author = "{Wikipedia}",
	title = {{Filtro paso bajo}},
	howpublished = {\url{https://es.wikipedia.org/wiki/Filtro_paso_bajo}},
	note = {Online; accessed 26 agosto 2017} ,
}

@misc{calculadoraohm,
	author = "{Apcom}",
	title = {{ohm’s law calculator}},
	howpublished = {\url{http://www.apcom-inc.com/resources/ohms-law-calculator}},
	note = {Online; accessed 26 agosto 2017} ,
}

@misc{httpclientgithub,
	author = "{hreintke}",
	title = {{HTTP client}},
	howpublished = {\url{https://github.com/esp8266/Arduino/tree/master/libraries/ESP8266HTTPClient}},
	note = {Online; accessed 26 agosto 2017} ,
}

@misc{httpinfo,
	author = "{Luis Castro}",
	title = {{¿Qué es HTTP y HTTPS?}},
	howpublished = {\url{https://github.com/esp8266/Arduino/tree/master/libraries/ESP8266HTTPClient}},
	note = {Online; accessed 27 agosto 2017} ,
}

@misc{jsongithub,
	author = "{bblanchon}",
	title = {{C++ JSON library for IoT}},
	howpublished = {\url{https://github.com/bblanchon/ArduinoJson}},
	note = {Online; accessed 27 agosto 2017} ,
}

@misc{lcdgithub,
	author = "{joaopedrosgs}",
	title = {{Library for the LiquidCrystal LCD display}},
	howpublished = {\url{https://github.com/fdebrabander/Arduino-LiquidCrystal-I2C-library/blob/master/LiquidCrystal_I2C.h}},
	note = {Online; accessed 27 agosto 2017} ,
}

@misc{depreciacion,
	author = "{Carter Mcbride}",
	title = {{Cómo calcular la amortización de una computadora portátil}},
	howpublished = {\url{http://www.ehowenespanol.com/calcular-amortizacion-computadora-portatil-como_440173/}},
	note = {Online; accessed 2 septiembre 2017} ,
}

@misc{gnugpl,
	author = "{GNU}",
	title = {{GNU GPL}},
	howpublished = {\url{https://www.gnu.org/licenses/gpl-3.0.html}},
	note = {Online; accessed 4 septiembre 2017} ,
}

@misc{gitlicencia,
	author = "{GitHub}",
	title = {{GNU GPL github}},
	howpublished = {\url{https://github.com/Miguelmoral/ESP8266-energy-monitor/blob/master/LICENSE}},
	note = {Online; accessed 4 septiembre 2017} ,
}

@misc{jinja2info,
	author = "{Pocoo}",
	title = {{Welcome to Jinja2}},
	howpublished = {\url{http://jinja.pocoo.org/docs/2.9/}},
	note = {Online; accessed 7 septiembre 2017} ,
}








